<?xml version="1.0" encoding="UTF-8"?>
<collection xmlns:xsi="http://www.w3.org/2001/XMLSchema-instance" xsi:schemaLocation="http://www.loc.gov/MARC21/slim http://www.loc.gov/standards/marcxml/schema/MARC21slim.xsd" xmlns="http://www.loc.gov/MARC21/slim">
<record>
  <leader>01139mam a2200301 a 4500</leader>
  <controlfield tag="001">1101801</controlfield>
  <controlfield tag="003">NNC</controlfield>
  <controlfield tag="005">20130423171521.0</controlfield>
  <controlfield tag="008">980126r19861957ir            000 0dara d</controlfield>
  <datafield tag="035" ind1=" " ind2=" ">
    <subfield code="a">(OCoLC)51809644</subfield>
  </datafield>
  <datafield tag="035" ind1=" " ind2=" ">
    <subfield code="a">(OCoLC)ocm51809644</subfield>
  </datafield>
  <datafield tag="035" ind1=" " ind2=" ">
    <subfield code="9">AGE6822CU</subfield>
  </datafield>
  <datafield tag="035" ind1=" " ind2=" ">
    <subfield code="a">(NNC)1101801</subfield>
  </datafield>
  <datafield tag="040" ind1=" " ind2=" ">
    <subfield code="a">NjP</subfield>
    <subfield code="c">NjP</subfield>
    <subfield code="d">NN</subfield>
    <subfield code="d">PU</subfield>
  </datafield>
  <datafield tag="050" ind1=" " ind2="4">
    <subfield code="a">BP192.8</subfield>
    <subfield code="b">.B335 1986</subfield>
  </datafield>
  <datafield tag="090" ind1=" " ind2=" ">
    <subfield code="a">BP192.8</subfield>
    <subfield code="b">.B335 1986</subfield>
  </datafield>
  <datafield tag="100" ind1="1" ind2=" ">
    <subfield code="a">Baḥrānī, ʻAlī ibn Ḥasan,</subfield>
    <subfield code="d">1857 or 1858-1921 or 1922.</subfield>
  </datafield>
  <datafield tag="245" ind1="1" ind2="0">
    <subfield code="a">Anwār al-badrayn fī tarājim ʻulamāʾ al-Qaṭīf wa-al-Aḥsāʾ wa-al-Baḥrayn /</subfield>
    <subfield code="c">li-ʻAlī al-Bilādī al-Baḥrānī.</subfield>
  </datafield>
  <datafield tag="260" ind1=" " ind2=" ">
    <subfield code="a">Qum :</subfield>
    <subfield code="b">Maktabat Āyat Allāh al-ʻUẓmá al-Marʻashī al-Najafī,</subfield>
    <subfield code="c">1407 [1986 or 1987]</subfield>
  </datafield>
  <datafield tag="300" ind1=" " ind2=" ">
    <subfield code="a">431 p. ;</subfield>
    <subfield code="c">25 cm.</subfield>
  </datafield>
  <datafield tag="534" ind1=" " ind2=" ">
    <subfield code="p">Reprint. Originally published:</subfield>
    <subfield code="c">al-Najaf : Maṭbaʻat al-Nuʻmān,1377 [1957 or 1958].</subfield>
  </datafield>
  <datafield tag="546" ind1=" " ind2=" ">
    <subfield code="a">In Arabic.</subfield>
  </datafield>
  <datafield tag="651" ind1=" " ind2="0">
    <subfield code="a">Bahrain</subfield>
    <subfield code="v">Biography.</subfield>
  </datafield>
  <datafield tag="651" ind1=" " ind2="0">
    <subfield code="a">Hasa Oasis (Saudi Arabia)</subfield>
    <subfield code="v">Biography.</subfield>
  </datafield>
  <datafield tag="651" ind1=" " ind2="0">
    <subfield code="a">Qaṭīf Oasis (Saudi Arabia)</subfield>
    <subfield code="v">Biography.</subfield>
  </datafield>
  <datafield tag="650" ind1=" " ind2="0">
    <subfield code="a">Shiites</subfield>
    <subfield code="v">Biography.</subfield>
  </datafield>
  <datafield tag="650" ind1=" " ind2="0">
    <subfield code="a">Ulama</subfield>
    <subfield code="z">Bahrain.</subfield>
  </datafield>
  <datafield tag="650" ind1=" " ind2="0">
    <subfield code="a">Ulama</subfield>
    <subfield code="z">Saudi Arabia.</subfield>
  </datafield>
  <datafield tag="955" ind1=" " ind2=" ">
    <subfield code="b">0049159232</subfield>
    <subfield code="d">glx</subfield>
    <subfield code="e">BP192.8 .B335 1986g</subfield>
  </datafield>
</record>
</collection>